@inproceedings{haws2022space,
  title={Space Launch System (SLS): Artemis I, Evolution, and Capability},
  author={Haws, Terry D and Bartkiewicz, Jacob and Fuller, Michael E},
  booktitle={2022 IEEE Aerospace Conference (AERO)},
  pages={1--9},
  year={2022},
  organization={IEEE}
}